@inproceedings{Impagliazzo:1997:PBE:258533.258590,
 author = {Impagliazzo, Russell and Wigderson, Avi},
 title = {P = BPP if E Requires Exponential Circuits: Derandomizing the XOR Lemma},
 booktitle = {Proceedings of the Twenty-ninth Annual ACM Symposium on Theory of Computing},
 series = {STOC '97},
 year = {1997},
 isbn = {0-89791-888-6},
 location = {El Paso, Texas, USA},
 pages = {220--229},
 numpages = {10},
 url = {http://doi.acm.org/10.1145/258533.258590},
 doi = {10.1145/258533.258590},
 acmid = {258590},
 publisher = {ACM},
 address = {New York, NY, USA},
} 
@article{Nisan:1994:HVR:192095.192097,
	author = {Nisan, Noam and Wigderson, Avi},
	title = {Hardness vs Randomness},
	journal = {J. Comput. Syst. Sci.},
	issue_date = {Oct. 1994},
	volume = {49},
	number = {2},
	month = oct,
	year = {1994},
	issn = {0022-0000},
	pages = {149--167},
	numpages = {19},
	url = {http://dx.doi.org/10.1016/S0022-0000(05)80043-1},
	doi = {10.1016/S0022-0000(05)80043-1},
	acmid = {192097},
	publisher = {Academic Press, Inc.},
	address = {Orlando, FL, USA},
}
@article{Raz:2002:ERR:637554.637559,
	author = {Raz, Ran and Reingold, Omer and Vadhan, Salil},
	title = {Extracting All the Randomness and Reducing the Error in Trevisan's Extractors},
	journal = {J. Comput. Syst. Sci.},
	issue_date = {August 2002},
	volume = {65},
	number = {1},
	month = aug,
	year = {2002},
	issn = {0022-0000},
	pages = {97--128},
	numpages = {32},
	url = {http://dx.doi.org/10.1006/jcss.2002.1824},
	doi = {10.1006/jcss.2002.1824},
	acmid = {637559},
	publisher = {Academic Press, Inc.},
	address = {Orlando, FL, USA},
	keywords = {combinatorial designs, expander graphs, extractors, probabilistic method, pseudorandom generators},
}
@inproceedings{Goldreich:1997:TFF:280116.280034,
	author = {Goldreich, Oded and Wigderson, Avi},
	title = {Tiny Families of Functions with Random Properties: A Quality-size Trade-off for Hashing},
	booktitle = {Proceedings of the Workshop on Randomized Algorithms and Computation},
	year = {1997},
	location = {Berkeley, California, USA},
	pages = {315--343},
	numpages = {29},
	url = {http://dl.acm.org/citation.cfm?id=280116.280034},
	acmid = {280034},
	publisher = {John Wiley \& Sons, Inc.},
	address = {New York, NY, USA},
} 
@inproceedings{Zuckerman:1996:RSE:237814.237878,
	author = {Zuckerman, David},
	title = {Randomness-optimal Sampling, Extractors, and Constructive Leader Election},
	booktitle = {Proceedings of the Twenty-eighth Annual ACM Symposium on Theory of Computing},
	series = {STOC '96},
	year = {1996},
	isbn = {0-89791-785-5},
	location = {Philadelphia, Pennsylvania, USA},
	pages = {286--295},
	numpages = {10},
	url = {http://doi.acm.org/10.1145/237814.237878},
	doi = {10.1145/237814.237878},
	acmid = {237878},
	publisher = {ACM},
	address = {New York, NY, USA},
} 
@inproceedings{Ta-Shma:1996:ERW:237814.237877,
	author = {Ta-Shma, Amnon},
	title = {On Extracting Randomness from Weak Random Sources (Extended Abstract)},
	booktitle = {Proceedings of the Twenty-eighth Annual ACM Symposium on Theory of Computing},
	series = {STOC '96},
	year = {1996},
	isbn = {0-89791-785-5},
	location = {Philadelphia, Pennsylvania, USA},
	pages = {276--285},
	numpages = {10},
	url = {http://doi.acm.org/10.1145/237814.237877},
	doi = {10.1145/237814.237877},
	acmid = {237877},
	publisher = {ACM},
	address = {New York, NY, USA},
}
@article{Saks:1998:EOP:273865.273915,
	author = {Saks, Michael and Srinivasan, Aravind and Zhou, Shiyu},
	title = {Explicit OR-dispersers with Polylogarithmic Degree},
	journal = {J. ACM},
	issue_date = {Jan. 1998},
	volume = {45},
	number = {1},
	month = jan,
	year = {1998},
	issn = {0004-5411},
	pages = {123--154},
	numpages = {32},
	url = {http://doi.acm.org/10.1145/273865.273915},
	doi = {10.1145/273865.273915},
	acmid = {273915},
	publisher = {ACM},
	address = {New York, NY, USA},
	keywords = {derandomization, expander graphs, explicit constructions, hardness of approximation, hashing lemmas, imperfect sources of randomness, measures of information, pseudo-random generators, randomized computation, time-space tradeoffs},
} 
@inproceedings{Ta-Shma:1998:AOD:276698.276736,
	author = {Ta-Shma, Amnon},
	title = {Almost Optimal Dispersers},
	booktitle = {Proceedings of the Thirtieth Annual ACM Symposium on Theory of Computing},
	series = {STOC '98},
	year = {1998},
	isbn = {0-89791-962-9},
	location = {Dallas, Texas, USA},
	pages = {196--202},
	numpages = {7},
	url = {http://doi.acm.org/10.1145/276698.276736},
	doi = {10.1145/276698.276736},
	acmid = {276736},
	publisher = {ACM},
	address = {New York, NY, USA},
} 