@inproceedings{Peikert:2006:ECH:2180286.2180297,
 author = {Peikert, Chris and Rosen, Alon},
 title = {Efficient Collision-resistant Hashing from Worst-case Assumptions on Cyclic Lattices},
 booktitle = {Proceedings of the Third Conference on Theory of Cryptography},
 series = {TCC'06},
 year = {2006}
}
@inproceedings{Wang:2005:FCF:2153419.2153421,
 author = {Wang, Xiaoyun and Yin, Yiqun Lisa and Yu, Hongbo},
 title = {Finding Collisions in the Full SHA-1},
 booktitle = {Proceedings of the 25th Annual International Conference on Advances in Cryptology},
 series = {CRYPTO'05},
 year = {2005}
}
@inproceedings{Wang:2005:BMO:2154598.2154601,
 author = {Wang, Xiaoyun and Yu, Hongbo},
 title = {How to Break MD5 and Other Hash Functions},
 booktitle = {Proceedings of the 24th Annual International Conference on Theory and Applications of Cryptographic Techniques},
 series = {EUROCRYPT'05}
}
@inproceedings{Micciancio:2002:GCK:645413.652130,
 author = {Micciancio, Daniele},
 title = {Generalized Compact Knapsacks, Cyclic Lattices, and Efficient One-Way Functions from Worst-Case Complexity Assumptions},
 booktitle = {Proceedings of the 43rd Symposium on Foundations of Computer Science},
 series = {FOCS '02},
 year = {2002}
} 
@inproceedings{Micciancio:2004:WAR:1032645.1033193,
 author = {Micciancio, Daniele and Regev, Oded},
 title = {Worst-Case to Average-Case Reductions Based on Gaussian Measures},
 booktitle = {Proceedings of the 45th Annual IEEE Symposium on Foundations of Computer Science},
 series = {FOCS '04},
 year = {2004}
}
@book{Micciancio2002,
  added-at = {2011-02-14T16:52:54.000+0100},
  author = {Micciancio, Daniele and Goldwasser, Shafi},
  publisher = {Kluwer Academic Publishers},
  series = {The Kluwer International Series in Engineering and Computer Science},
  title = {{C}omplexity of {L}attice {P}roblems: a cryptographic perspective},
  year = {2002}
}
@inproceedings{Ajtai:1996:GHI:237814.237838,
	author = {Ajtai, M.},
	title = {Generating Hard Instances of Lattice Problems (Extended Abstract)},
	booktitle = {Proceedings of the Twenty-eighth Annual ACM Symposium on Theory of Computing},
	series = {STOC '96},
	year = {1996}
}
@inproceedings{Bellare:1997:NPC:1754542.1754560,
	author = {Bellare, Mihir and Micciancio, Daniele},
	title = {A New Paradigm for Collision-free Hashing: Incrementality at Reduced Cost},
	booktitle = {Proceedings of the 16th Annual International Conference on Theory and Application of Cryptographic Techniques},
	series = {EUROCRYPT'97},
	year = {1997}
}
@article{Micciancio:2007:WAR:1328722.1328733,
	author = {Micciancio, Daniele and Regev, Oded},
	title = {Worst-Case to Average-Case Reductions Based on Gaussian Measures},
	journal = {SIAM J. Comput.},
	issue_date = {April 2007}
}
@inproceedings{Lyubashevsky:2006:GCK:2097282.2097300,
	author = {Lyubashevsky, Vadim and Micciancio, Daniele},
	title = {Generalized Compact Knapsacks Are Collision Resistant},
	booktitle = {Proceedings of the 33rd International Conference on Automata, Languages and Programming - Volume Part II},
	series = {ICALP'06},
	year = {2006}
}
@incollection{Lyubashevsky:2008:SMP:1425852.1425858,
	author = {Lyubashevsky, Vadim and Micciancio, Daniele and Peikert, Chris and Rosen, Alon},
	chapter = {SWIFFT: A Modest Proposal for FFT Hashing},
	title = {Fast Software Encryption},
	editor = {Nyberg, Kaisa},
	year = {2008}
}