@inproceedings{Wang:2005:FCF:2153419.2153421,
 author = {Wang, Xiaoyun and Yin, Yiqun Lisa and Yu, Hongbo},
 title = {Finding Collisions in the Full SHA-1},
 booktitle = {Proceedings of the 25th Annual International Conference on Advances in Cryptology},
 series = {CRYPTO'05},
 year = {2005},
 isbn = {3-540-28114-2, 978-3-540-28114-6},
 location = {Santa Barbara, California},
 pages = {17--36},
 numpages = {20},
 url = {http://dx.doi.org/10.1007/11535218_2},
 doi = {10.1007/11535218_2},
 acmid = {2153421},
 publisher = {Springer-Verlag},
 address = {Berlin, Heidelberg},
 keywords = {SHA-0, SHA-1, collision search attacks, hash functions},
}
@inproceedings{Wang:2005:BMO:2154598.2154601,
 author = {Wang, Xiaoyun and Yu, Hongbo},
 title = {How to Break MD5 and Other Hash Functions},
 booktitle = {Proceedings of the 24th Annual International Conference on Theory and Applications of Cryptographic Techniques},
 series = {EUROCRYPT'05},
 year = {2005},
 isbn = {3-540-25910-4, 978-3-540-25910-7},
 location = {Aarhus, Denmark},
 pages = {19--35},
 numpages = {17},
 url = {http://dx.doi.org/10.1007/11426639_2},
 doi = {10.1007/11426639_2},
 acmid = {2154601},
 publisher = {Springer-Verlag},
 address = {Berlin, Heidelberg},
}
@inproceedings{Micciancio:2002:GCK:645413.652130,
 author = {Micciancio, Daniele},
 title = {Generalized Compact Knapsacks, Cyclic Lattices, and Efficient One-Way Functions from Worst-Case Complexity Assumptions},
 booktitle = {Proceedings of the 43rd Symposium on Foundations of Computer Science},
 series = {FOCS '02},
 year = {2002},
 isbn = {0-7695-1822-2},
 pages = {356--365},
 numpages = {10},
 url = {http://dl.acm.org/citation.cfm?id=645413.652130},
 acmid = {652130},
 publisher = {IEEE Computer Society},
 address = {Washington, DC, USA},
 keywords = {Keywords: Knapsack problem, cyclic lattices, worst-case average-case connection, one-way functions},
} 
@inproceedings{Micciancio:2004:WAR:1032645.1033193,
 author = {Micciancio, Daniele and Regev, Oded},
 title = {Worst-Case to Average-Case Reductions Based on Gaussian Measures},
 booktitle = {Proceedings of the 45th Annual IEEE Symposium on Foundations of Computer Science},
 series = {FOCS '04},
 year = {2004},
 isbn = {0-7695-2228-9},
 pages = {372--381},
 numpages = {10},
 url = {http://dx.doi.org/10.1109/FOCS.2004.72},
 doi = {10.1109/FOCS.2004.72},
 acmid = {1033193},
 publisher = {IEEE Computer Society},
 address = {Washington, DC, USA},
}
@book{Micciancio2002,
  added-at = {2011-02-14T16:52:54.000+0100},
  author = {Micciancio, Daniele and Goldwasser, Shafi},
  biburl = {https://www.bibsonomy.org/bibtex/2ead4772560ce4b72cce097ff70e16ff7/fohv},
  interhash = {d6874c7fb1c7f33444adbb0d909e5c0f},
  intrahash = {ead4772560ce4b72cce097ff70e16ff7},
  keywords = {imported},
  publisher = {Kluwer Academic Publishers},
  series = {The Kluwer International Series in Engineering and Computer Science},
  timestamp = {2011-02-14T16:53:01.000+0100},
  title = {{C}omplexity of {L}attice {P}roblems: a cryptographic perspective},
  volume = 671,
  year = 2002
}
